<record xmlns:xsi="http://www.w3.org/2001/XMLSchema-instance" xmlns="http://www.loc.gov/MARC21/slim" xsi:schemaLocation="http://www.loc.gov/MARC21/slim http://www.loc.gov/standards/marcxml/schema/MARC21slim.xsd">

  <leader>00961nam a2200217Ia 4500</leader>
  <controlfield tag="008">150812b1991    cr ||||| |||| 00| | spa d</controlfield>
  <datafield ind1=" " ind2=" " tag="090">
    <subfield code="a">06.03.06 </subfield>
    <subfield code="b">372 CD #261</subfield>
  </datafield>
  <datafield ind2=" " tag="110" ind1="2">
    <subfield code="9">44</subfield>
    <subfield code="a">Consejo Nacional de Rectores. Oficina de Planificación de la Educación Superior</subfield>
  </datafield>
  <datafield ind2="0" tag="245" ind1="1">
    <subfield code="a">Posibilidades de estudio en la educación superior universitaria estatal de Costa Rica</subfield>
  </datafield>
  <datafield ind1=" " tag="260" ind2=" ">
    <subfield code="a">San José, Costa Rica : </subfield>
    <subfield code="b">OPES, </subfield>
    <subfield code="c">1991-</subfield>
  </datafield>
  <datafield ind2=" " tag="300" ind1=" ">
    <subfield code="a">101 páginas</subfield>
  </datafield>
  <datafield ind2=" " tag="500" ind1=" ">
    <subfield code="a">La Unidad posee los años 1988, 1989, 1990, 1991, 1993, 1999, 2000, 2001, 2002, 2004, 2005, 2006, 2007, 2008, 2010, 2011, 2012, 2013, 2015</subfield>
  </datafield>
  <datafield ind1=" " tag="610" ind2="4">
    <subfield code="a">INSTITUTO TECNOLÓGICO DE COSTA RICA </subfield>
    <subfield code="9">582</subfield>
  </datafield>
  <datafield ind1=" " ind2="4" tag="610">
    <subfield code="a">UNIVERSIDAD DE COSTA RICA</subfield>
    <subfield code="9">714</subfield>
  </datafield>
  <datafield ind1=" " tag="610" ind2="4">
    <subfield code="a">UNIVERSIDAD NACIONAL </subfield>
    <subfield code="9">584</subfield>
  </datafield>
  <datafield ind1=" " ind2="4" tag="610">
    <subfield code="a">UNIVERSIDAD ESTATAL A DISTANCIA </subfield>
    <subfield code="9">583</subfield>
  </datafield>
  <datafield ind1="1" ind2="4" tag="650">
    <subfield code="9">8</subfield>
    <subfield code="a">EDUCACIÓN SUPERIOR</subfield>
  </datafield>
  <datafield tag="650" ind2="4" ind1="1">
    <subfield code="a">OPORTUNIDADES DE EDUCACIÓN</subfield>
    <subfield code="9">787</subfield>
  </datafield>
  <datafield ind1="1" tag="650" ind2="4">
    <subfield code="a">INSTITUCIONES DE ENSEÑANZA SUPERIOR</subfield>
    <subfield code="9">788</subfield>
  </datafield>
  <datafield tag="942" ind2=" " ind1=" ">
    <subfield code="2">z</subfield>
    <subfield code="c">01</subfield>
  </datafield>
  <datafield ind2=" " tag="999" ind1=" ">
    <subfield code="c">1790</subfield>
    <subfield code="d">1790</subfield>
  </datafield>
</record>